<?xml version="1.0" encoding="UTF-8"?><collection xmlns="http://www.loc.gov/MARC21/slim"><record><leader>00345nam--2200121-i-4500</leader><controlfield tag="001">000022115</controlfield><controlfield tag="002">20161230</controlfield><controlfield tag="005">20161230201034</controlfield><controlfield tag="008">060222s1000------------r-----000-0-eng-d</controlfield><datafield ind1=" " ind2=" " tag="100"><subfield code="a">Heim W., Schumacher W., Frost D</subfield></datafield><datafield ind1=" " ind2=" " tag="245"><subfield code="a">Radioktive isotope in der chirurgie</subfield></datafield><datafield ind1=" " ind2=" " tag="260"><subfield code="a">Berlin, Walter De Gruyter &amp; Co., 1961, Xv + 394p, 180 Fig</subfield></datafield><datafield ind1=" " ind2=" " tag="852"><subfield code="a">17838</subfield></datafield></record></collection>